@phdthesis{Cavana2020,
  author       = {Cavana, Marco},
  title        = {Gas network modelling for a multi‑gas system},
  school       = {Politecnico di Torino},
  year         = {2020},
  month        = sep,
  note         = {PhD thesis, 32\textsuperscript{nd} cycle (2016–2019)},
  pages        = {233},
  url          = {https://hdl.handle.net/20.500.14242/169608},
}
